%YAML 1.1
%TAG !u! tag:unity3d.com,2011:
--- !u!1 &100000
GameObject:
  m_ObjectHideFlags: 0
  m_PrefabParentObject: {fileID: 0}
  m_PrefabInternal: {fileID: 100100000}
  serializedVersion: 4
  m_Component:
  - 4: {fileID: 400000}
  - 132: {fileID: 13200000}
  - 114: {fileID: 11400000}
  m_Layer: 0
  m_Name: End Level Promt
  m_TagString: Untagged
  m_Icon: {fileID: 0}
  m_NavMeshLayer: 0
  m_StaticEditorFlags: 0
  m_IsActive: 1
--- !u!4 &400000
Transform:
  m_ObjectHideFlags: 1
  m_PrefabParentObject: {fileID: 0}
  m_PrefabInternal: {fileID: 100100000}
  m_GameObject: {fileID: 100000}
  m_LocalRotation: {x: 0, y: 0, z: 0, w: 1}
  m_LocalPosition: {x: 893.783142, y: 29.2941895, z: -.0139160156}
  m_LocalScale: {x: 1, y: 1, z: 1}
  m_Children: []
  m_Father: {fileID: 0}
  m_RootOrder: 0
--- !u!114 &11400000
MonoBehaviour:
  m_ObjectHideFlags: 1
  m_PrefabParentObject: {fileID: 0}
  m_PrefabInternal: {fileID: 100100000}
  m_GameObject: {fileID: 100000}
  m_Enabled: 1
  m_EditorHideFlags: 0
  m_Script: {fileID: 11500000, guid: d94940dd334011a418fa2348d5c1eeeb, type: 3}
  m_Name: 
  m_EditorClassIdentifier: 
  guiTextSizeModTimeOnly: .100000001
  isTexture: 0
  startHeight: 0
  startWidth: 0
  startDivLeft: 0
  startDivTop: 0
  startDivWidth: 0
  startDivHeight: 0
  goalDivLeft: 0
  goalDivTop: 0
  goalDivWidth: 0
  goalDivHeight: 0
  liveUp: 0
  startPos: 0
  positionOnStart: 0
--- !u!132 &13200000
GUIText:
  m_ObjectHideFlags: 1
  m_PrefabParentObject: {fileID: 0}
  m_PrefabInternal: {fileID: 100100000}
  m_GameObject: {fileID: 100000}
  m_Enabled: 1
  serializedVersion: 3
  m_Text: 0
  m_Anchor: 1
  m_Alignment: 1
  m_PixelOffset: {x: 0, y: 0}
  m_LineSpacing: 1
  m_TabSize: 4
  m_Font: {fileID: 12800000, guid: ca4e8c5070a568f4dbc71e3fd12c34a6, type: 3}
  m_Material: {fileID: 2100000, guid: ca4e8c5070a568f4dbc71e3fd12c34a6, type: 3}
  m_FontSize: 0
  m_FontStyle: 0
  m_Color:
    serializedVersion: 2
    rgba: 4278190080
  m_PixelCorrect: 1
  m_RichText: 1
--- !u!1001 &100100000
Prefab:
  m_ObjectHideFlags: 1
  serializedVersion: 2
  m_Modification:
    m_TransformParent: {fileID: 0}
    m_Modifications: []
    m_RemovedComponents: []
  m_ParentPrefab: {fileID: 0}
  m_RootGameObject: {fileID: 100000}
  m_IsPrefabParent: 1
  m_IsExploded: 1
