%YAML 1.1
%TAG !u! tag:unity3d.com,2011:
--- !u!1 &100000
GameObject:
  m_ObjectHideFlags: 0
  m_PrefabParentObject: {fileID: 0}
  m_PrefabInternal: {fileID: 100100000}
  serializedVersion: 4
  m_Component:
  - 4: {fileID: 400000}
  - 212: {fileID: 21200000}
  - 61: {fileID: 6100000}
  - 114: {fileID: 11400000}
  m_Layer: 8
  m_Name: FloorHalf
  m_TagString: Untagged
  m_Icon: {fileID: 0}
  m_NavMeshLayer: 0
  m_StaticEditorFlags: 0
  m_IsActive: 1
--- !u!4 &400000
Transform:
  m_ObjectHideFlags: 1
  m_PrefabParentObject: {fileID: 0}
  m_PrefabInternal: {fileID: 100100000}
  m_GameObject: {fileID: 100000}
  m_LocalRotation: {x: 0, y: 0, z: 0, w: 1}
  m_LocalPosition: {x: 859.240112, y: -47.6999931, z: 0}
  m_LocalScale: {x: 154.361206, y: 60.3766823, z: 9.11679935}
  m_Children: []
  m_Father: {fileID: 0}
  m_RootOrder: 0
--- !u!61 &6100000
BoxCollider2D:
  m_ObjectHideFlags: 1
  m_PrefabParentObject: {fileID: 0}
  m_PrefabInternal: {fileID: 100100000}
  m_GameObject: {fileID: 100000}
  m_Enabled: 1
  m_Material: {fileID: 6200000, guid: fb7512abd8ba3e04bb455eddbb37f9c9, type: 2}
  m_IsTrigger: 0
  m_Size: {x: 1, y: 1}
  m_Center: {x: 0, y: 0}
--- !u!114 &11400000
MonoBehaviour:
  m_ObjectHideFlags: 1
  m_PrefabParentObject: {fileID: 0}
  m_PrefabInternal: {fileID: 100100000}
  m_GameObject: {fileID: 100000}
  m_Enabled: 1
  m_EditorHideFlags: 0
  m_Script: {fileID: 11500000, guid: 526e83215e9df2b4a87af48b5c7b9a34, type: 3}
  m_Name: 
  m_EditorClassIdentifier: 
  spriteToTile: {fileID: 0}
  tileVertically: 0
  mustDestroy: 0
  tileCollidable: 0
  leftObject: {fileID: 100000, guid: 4d7e8869e59aed04ba5c599a9a825881, type: 2}
  midObject: {fileID: 100000, guid: 805f760258be0c746999e647fa65c738, type: 2}
  rightObject: {fileID: 100000, guid: 94d0761360ed5e345b80193707361520, type: 2}
  spriteLayerOrderOffset: 0
  objToParentTilesTo: {fileID: 0}
  objParentName: Environment
--- !u!212 &21200000
SpriteRenderer:
  m_ObjectHideFlags: 1
  m_PrefabParentObject: {fileID: 0}
  m_PrefabInternal: {fileID: 100100000}
  m_GameObject: {fileID: 100000}
  m_Enabled: 1
  m_CastShadows: 0
  m_ReceiveShadows: 0
  m_LightmapIndex: 255
  m_LightmapTilingOffset: {x: 1, y: 1, z: 0, w: 0}
  m_Materials:
  - {fileID: 10754, guid: 0000000000000000e000000000000000, type: 0}
  m_SubsetIndices: 
  m_StaticBatchRoot: {fileID: 0}
  m_UseLightProbes: 0
  m_LightProbeAnchor: {fileID: 0}
  m_ScaleInLightmap: 1
  m_SortingLayerID: 4061033325
  m_SortingOrder: 0
  m_Sprite: {fileID: 21300000, guid: 37a886e15ad3ca64f9f5e15682b77197, type: 3}
  m_Color: {r: 1, g: 1, b: 1, a: 1}
--- !u!1001 &100100000
Prefab:
  m_ObjectHideFlags: 1
  serializedVersion: 2
  m_Modification:
    m_TransformParent: {fileID: 0}
    m_Modifications: []
    m_RemovedComponents: []
  m_ParentPrefab: {fileID: 0}
  m_RootGameObject: {fileID: 100000}
  m_IsPrefabParent: 1
  m_IsExploded: 1
